@article{moraga2005,
  title={Introduction to fuzzy logic},
  author={Claudio Moraga},
  journal={Facta Universitatis. Series: Electronics and Energetics},
  number={18},
  pages={319-328},
  year={2005},
  publisher={University of Niš, Serbia}
}

@article{pillerkovacs2019,
  title={Fuzzy Behavior Description Language: A Declarative Language for Interpolative Behavior Modeling},
  author={Imre Piller, Szilveszter Kovacs},
  journal={Acta Polytechnica Hungarica},
  volume={16},
  pages={47-72},
  year={2019},
}

@article{pillerkovacs2015,
  title={Declarative Language for Behaviour Description},
  author={Imre Piller, Szilveszter Kovács, Dávid Vincze},
  journal={Acta Polytechnica Hungarica},
  volume={316},
  pages={103-112},
  year={2015},
}

@article{sabri2013,
  title={Fuzzy Inference System: Short Review and design},
  author={Sabri N. et al.},
  journal={International Review of Automatic Control},
  volume={6},
  number={4},
  pages={441-449},
  year={2013},
}

@article{makkar2018,
  title={Application of fuzzy logic: A literature review},
  author={Makkar R.},
  journal={International Journal of Statistics and Applied Mathematics},
  volume={3},
  number={1},
  pages={357-359},
  year={2018},
}

@article{kovacsjohanyak2018,
  title={Fuzzy Rule Interpolation Methods and Fri Toolbox},
  author={Alzubi M., Johanyák Zsolt Csaba, Szilveszter Kovács},
  journal={Journal of Theoretical and Applied Information Technology},
  volume={96},
  number={21},
  pages={-},
  year={2018},
}

@article{zadeh1965,
  title={Fuzzy sets},
  author={Lotfi Zadeh},
  journal={Information and Control},
  volume={8},
  pages={338-353},
  year={1965},
}

@article{hayward2003,
  title={Fuzzy logic applications},
  author={Gordon Hayward, Valerie Davidson},
  journal={Analyst},
  volume={128},
  pages={1304-1306},
  year={2003},
}

@article{pappis1977,
  title={A fuzzy logic controller for a traffic junction},
  author={Pappis C., Mamdani E.},
  journal={IEEE Transactions on Systems, Man and Cybernetics},
  volume={7},
  number={10},
  pages={707-717},
  year={1977},
}

@article{kalic1996,
  title={Solving the trip distribution problem by fuzzy rules generated by learning from examples},
  author={Milica Kalic, Dusan Teodorovic},
  journal={Proceedings of the XXIII Yugoslav Symposium on Operations Research},
  pages={777-780},
  year={1996},
}

@article{esko2003,
  title={Traffic Signal Control on Total Fuzzy Similarity based Reasoning},
  author={Jarkko Niittymaki, Esko Turunen},
  journal={International Journal of Soft Computing},
  volume={133},
  pages={109-131},
  year={2003},
}

@article{takagi1985,
  title={Fuzzy Identification of System and Its Applications to modeling and Control},
  author={T. Takagi, M, Sugeno},
  journal={IEEE Transaction on Systems, Man and Cybernetics},
  volume={15},
  pages={116-132},
  year={1985},
}

@book{burge1975,
  title={Recursive programming techniques},
  author={William H. Burge},
  year={1975},
}

@book{aho1986,
  title={Compilers: Principles, Techniques and Tools (First Edition)},
  author={Alfred V. Aho, Ravi Sethi, Jeffrey Ullman},
  year={1986},
}